<record><leader>00000cas a22000007a 4500</leader><controlfield tag="001">13592212</controlfield><controlfield tag="008">860520d18311833pauwr ne      0    0eng d</controlfield><datafield ind1=" " ind2=" " tag="010"><subfield code="a">sn 86081749 </subfield></datafield><datafield ind1=" " ind2=" " tag="040"><subfield code="a">NPH</subfield><subfield code="b">eng</subfield><subfield code="c">NPH</subfield><subfield code="d">NPX</subfield><subfield code="d">NPH</subfield><subfield code="d">OCLCQ</subfield></datafield><datafield ind1=" " ind2=" " tag="042"><subfield code="a">msc</subfield></datafield><datafield ind1="0" ind2="0" tag="245"><subfield code="a">Kittanning gazette and Columbian.</subfield></datafield><datafield ind1="3" ind2="0" tag="246"><subfield code="a">Gazette and Columbian</subfield></datafield><datafield ind1="1" ind2="3" tag="246"><subfield code="a">Gazette &amp; Columbian</subfield></datafield><datafield ind1=" " ind2=" " tag="260"><subfield code="a">Kittanning, Armstrong County, Pa. :</subfield><subfield code="b">J. Croll &amp; Co.,</subfield><subfield code="c">1831-</subfield></datafield><datafield ind1=" " ind2=" " tag="300"><subfield code="a">v. ;</subfield><subfield code="c">53 cm.</subfield></datafield><datafield ind1=" " ind2=" " tag="310"><subfield code="a">Weekly</subfield></datafield><datafield ind1="0" ind2=" " tag="362"><subfield code="a">Vol. 6, no. 287 (Apr. 23, 1831)-</subfield></datafield><datafield ind1="1" ind2=" " tag="362"><subfield code="a">Ceased in 1833.</subfield></datafield><datafield ind1=" " ind2=" " tag="752"><subfield code="a">United States</subfield><subfield code="b">Pennsylvania</subfield><subfield code="c">Armstrong</subfield><subfield code="d">Kittanning.</subfield></datafield><datafield ind1="0" ind2="4" tag="780"><subfield code="t">Kittanning gazette (Kittanning, Pa. : 1825)</subfield><subfield code="w">(DLC)sn 88081068</subfield></datafield><datafield ind1="0" ind2="4" tag="780"><subfield code="t">Columbian, and farmers and mechanics advertiser</subfield><subfield code="w">(DLC)sn 86053543</subfield></datafield><datafield ind1="0" ind2="0" tag="785"><subfield code="t">Kittanning gazette (Kittanning, Pa. : 1833)</subfield><subfield code="w">(DLC)sn 86071451</subfield></datafield></record>